@IEEEtranBSTCTL{IEEEexample:BSTcontrol,
CTLuse_forced_etal       = "yes",
CTLmax_names_forced_etal = "3",
CTLnames_show_etal       = "2"
}
@book{InfH,
address = {M\"{u}nchen -- Wien},
author = {Rechenberg, Peter and Pomberger, Gustav and Blaschek, G\"{u}nther and Bode, Arndt and Bohn, Wilhelm Friedrich and Borrmann, Lothar and Buchberger, Bruno},
edition = {4th},
publisher = {Hanser Verlag},
title = {{Informatik Handbuch}},
year = {2006}
}
@misc{APCW2006,
note = {letzter Zugriff am 23.05.2021},
author = {{Association for Progressive Communications}},
title = {{Wireless technology is irreplaceable for providing access in remote and scarcely populated regions}},
url = {http://www.apc.org/en/news/strategic/world/wireless-technology-irreplaceable-providing-access},
year = {2006}
}
@misc{UiPathOverview,
	title = {What is {UiPath}: {Features}, {Components} {And} {Architecture} of {UiPath}},
	shorttitle = {What is {UiPath}},
	url = {https://www.simplilearn.com/tutorials/rpa-tutorial/what-is-uipath},
	abstract = {Learn what UiPath is, its features, components, applications, and architecture. Study top hiring companies and salary trends for UiPath developers. Read on!},
	language = {en-US},
	urldate = {2023-10-27},
	journal = {Simplilearn.com},
}
@misc{RPAFundamentals,
	title = {{RPA} {Fundamentals}: {Getting} {Started} {With} {Robotic} {Process} {Automation}},
	shorttitle = {{RPA} {Fundamentals}},
	url = {https://www.simplilearn.com/rpa-fundamentals-article},
	abstract = {With some disadvantages, it is necessary to understand Robotic Process Automation ahead of the initiative. Check out these RPA fundamentals before you start.},
	language = {en-US},
	urldate = {2023-10-27},
	journal = {Simplilearn.com},
	month = apr,
	year = {2021},
}
@misc{UiPathAcademyOverview,
	title = {Meet the {UiPath} {Platform} (v2021.10)},
	url = {https://academy.uipath.com/courses/meet-the-uipath-platform},
	abstract = {If you want to explore the Robotic Process Automation world and look to become an RPA Developer, then know that you’ve arrived right to the heart of it.},
	language = {en-Us},
	urldate = {2023-10-27},
}
@misc{PowerAutomateOverview,
	title = {What is {Microsoft} {Power} {Automate}? {What} about {Microsoft} {Flow}?},
	shorttitle = {What is {Microsoft} {Power} {Automate}?},
	url = {https://www.plainconcepts.com/what-is-microsoft-power-automate/},
	abstract = {Discover Microsoft Power Automate, its functionalities, benefits, main connectors... and what relationship it has with Microsoft Flow.},
	language = {en-US},
	urldate = {2023-10-28},
	journal = {Plain Concepts},
	author = {{ecanorea}},
	month = mar,
	year = {2021},
}

@misc{MQTTOverview,
	title = {What is {MQTT}? {A} practical introduction},
	shorttitle = {What is {MQTT}?},
	url = {https://www.opc-router.com/what-is-mqtt/},
	abstract = {MQTT is one of the most important protocols for IoT/M2M communication ✅ Read everything important about the topic with an industrial focus ✅},
	language = {en-US},
	urldate = {2023-10-29},
	journal = {System integration with the OPC Router},
	author = {Krohn, Michel},
	month = mar,
	year = {2022},
}

@misc{FlutterOverview,
	title = {Flutter - {Introduction}},
	url = {https://www.tutorialspoint.com/flutter/flutter_introduction.htm},
	abstract = {Flutter Introduction - In general, developing a mobile application is a complex and challenging task. There are many frameworks available to develop a mobile application. Android provides a native framework based on Java language and iOS provides a native framework based on Objective-C / Swift language.},
	language = {en},
	urldate = {2023-11-01},
}

@misc{reactNativeOverview,
	title = {What is {React} {Native} and {When} to {Use} {It} {For} {Your} {App} {In} 2023 - elpassion.com},
	url = {https://www.elpassion.com/blog/what-is-react-native-and-when-to-use-it},
	abstract = {Learn what is React Native, pros and cons, and when to use React Native for your project.},
	language = {en},
	urldate = {2023-11-01},
	author = {Paterska, Patrycja},
}

@misc{ExpoOverview,
  author = {Panagia, Sergio},
  month = {02},
  title = {What is Expo and why it matters for app development},
  url = {https://www.mozestudio.com/journal/what-is-expo-and-why-it-matters-for-app-development/},
  year = {2022},
  organization = {Moze}
}

@misc{DartOverview,
	title = {Dart {Programming} - {Overview}},
	url = {https://www.tutorialspoint.com/dart_programming/dart_programming_overview.htm},
	abstract = {Dart Programming Overview - Dart is an object-oriented language with C-style syntax which can optionally trans compile into JavaScript. It supports a varied range of programming aids like interfaces, classes, collections, generics, and optional typing.},
	language = {en},
	urldate = {2023-11-02},
}